@book{1,
	title = {Данилюк, А. А. Управление изменениями : учебное пособие. --- Тюмень : Издательство Тюменского государственного университета, 2014. ---	288 с},
	}
@book{2,
	title = {Кузнецова, Н. В. Управление рисками --- Владивосток : Издательство Дальневосточного университета, 2004. --- 168 с},
}
@book{3,
	title = {Куликова, Е. А. Риск-менеджмент : учеб. пособие / Е. А. Куликова. --- Екатеринбург :	Изд-во УрГУПС, 2014. --- 259 с.},
}
@article{4,
	title={Ансоф, И. Стратегическое управление},
	author={},
	journal={Экономика},
	year={1989},
	publisher={Экономика}
}